<?xml version="1.0" encoding="UTF-8"?><record xmlns="http://www.loc.gov/MARC21/slim" xmlns:cinclude="http://apache.org/cocoon/include/1.0" xmlns:zs="http://www.loc.gov/zing/srw/">
  <leader>01132cz  a2200253n  4500</leader>
  <controlfield tag="001">nr 96036445 </controlfield>
  <controlfield tag="003">DLC</controlfield>
  <controlfield tag="005">20130312103350.0</controlfield>
  <controlfield tag="008">961009n| azannaabn          |b aaa     c</controlfield>
  <datafield tag="010" ind1=" " ind2=" ">
    <subfield code="a">nr 96036445 </subfield>
  </datafield>
  <datafield tag="035" ind1=" " ind2=" ">
    <subfield code="a">(OCoLC)oca04184031</subfield>
  </datafield>
  <datafield tag="040" ind1=" " ind2=" ">
    <subfield code="a">NjP</subfield>
    <subfield code="b">eng</subfield>
    <subfield code="e">rda</subfield>
    <subfield code="c">NjP</subfield>
    <subfield code="d">OCoLC</subfield>
    <subfield code="d">DLC</subfield>
  </datafield>
  <datafield tag="046" ind1=" " ind2=" ">
    <subfield code="f">[1875,1876]</subfield>
    <subfield code="g">1928</subfield>
    <subfield code="2">edtf</subfield>
  </datafield>
  <datafield tag="100" ind1="1" ind2=" ">
    <subfield code="a">Haleṿi, Yiśraʼel,</subfield>
    <subfield code="d">1875 or 1876-1928</subfield>
  </datafield>
  <datafield tag="400" ind1="1" ind2=" ">
    <subfield code="a">Firon, Israel,</subfield>
    <subfield code="d">1875 or 1876-1928</subfield>
  </datafield>
  <datafield tag="400" ind1="1" ind2=" ">
    <subfield code="a">Firon, Yiśraʼel,</subfield>
    <subfield code="c">ha-Leṿi,</subfield>
    <subfield code="d">1875 or 1876-1928</subfield>
  </datafield>
  <datafield tag="400" ind1="1" ind2=" ">
    <subfield code="w">nnea</subfield>
    <subfield code="a">Haleṿi, Yiśraʼel,</subfield>
    <subfield code="d">1875 or 6-1928</subfield>
  </datafield>
  <datafield tag="400" ind1="1" ind2=" ">
    <subfield code="a">Piron, Yiśraʼel,</subfield>
    <subfield code="c">ha-Leṿi,</subfield>
    <subfield code="d">1875 or 1876-1928</subfield>
  </datafield>
  <datafield tag="400" ind1="1" ind2=" ">
    <subfield code="a">הלוי, ישראל</subfield>
  </datafield>
  <datafield tag="667" ind1=" " ind2=" ">
    <subfield code="a">Machine-derived non-Latin script reference project.</subfield>
  </datafield>
  <datafield tag="667" ind1=" " ind2=" ">
    <subfield code="a">Non-Latin script reference not evaluated.</subfield>
  </datafield>
  <datafield tag="670" ind1=" " ind2=" ">
    <subfield code="a">Sefer kitve ḳodesh Or le-Yiśraʼel, 1946- :</subfield>
    <subfield code="b">v. 1, t.p. (ha-R. Yiśraʼel Haleṿi, rav ṿe-a.b.d. ba-ʻir Ṭsherbonah ʻa. y. Berdiṭshov, Rusya) p. 3 (Yiśraʼel ha-Leṿi Firon, son of R. Mordekhai; b. 616; d. 27 Shevaṭ 688)</subfield>
  </datafield>
  <datafield tag="670" ind1=" " ind2=" ">
    <subfield code="a">RLIN, Oct. 3, 1996</subfield>
    <subfield code="b">(hdg.: Firon, Israel, 1875 or 1876-1928)</subfield>
  </datafield>
  <datafield tag="675" ind1=" " ind2=" ">
    <subfield code="a">Enc. Jud., c1972.</subfield>
  </datafield>
</record>